<collection xmlns="http://www.loc.gov/MARC21/slim">
<record>
  <leader>01492nam0a22002891i 450 </leader>
  <controlfield tag="001">IT\ICCU\CNCE\050545</controlfield>
  <controlfield tag="005">20181122000000.0</controlfield>
  <datafield tag="012" ind1=" " ind2=" ">
    <subfield code="a">o-it nop- m.n. p-:&amp; (C) 1510 (Q)</subfield>
    <subfield code="2">fei</subfield>
  </datafield>
  <datafield tag="100" ind1=" " ind2=" ">
    <subfield code="a">20000125f1510        0itac0103    ba</subfield>
  </datafield>
  <datafield tag="101" ind1=" " ind2=" ">
    <subfield code="a">LAT</subfield>
  </datafield>
  <datafield tag="102" ind1=" " ind2=" ">
    <subfield code="a">IT</subfield>
  </datafield>
  <datafield tag="200" ind1="1" ind2=" ">
    <subfield code="a">Ad magnificum et strenuum armorum ducem. D. Io. Iacobum Triulciuum, Pronosticon anni ab incarnatione domini MDX compilatum per eximium doctorem d. anno Papirium phisicum et astronomum dignissimum</subfield>
  </datafield>
  <datafield tag="210" ind1=" " ind2=" ">
    <subfield code="d">\1510!</subfield>
  </datafield>
  <datafield tag="215" ind1=" " ind2=" ">
    <subfield code="a">\2! c.</subfield>
    <subfield code="d">4ʻ</subfield>
  </datafield>
  <datafield tag="300" ind1=" " ind2=" ">
    <subfield code="a">Stampata a Napoli da Giovanni Antonio De Caneto; per il tipografo e la data cfr.: P. Manzi, La tipografia napoletana nel &apos;500, p. 143</subfield>
  </datafield>
  <datafield tag="620" ind1=" " ind2=" ">
    <subfield code="a">IT</subfield>
    <subfield code="d">Napoli</subfield>
  </datafield>
  <datafield tag="700" ind1=" " ind2="1">
    <subfield code="a">Papirio,</subfield>
    <subfield code="b">Antonio</subfield>
    <subfield code="3">IT\ICCU\CNCA\015861</subfield>
  </datafield>
  <datafield tag="712" ind1="0" ind2="0">
    <subfield code="a">De_Caneto, Giovanni Antonio</subfield>
    <subfield code="3">IT\ICCU\CNCT\000144</subfield>
    <subfield code="4">650</subfield>
  </datafield>
  <datafield tag="790" ind1=" " ind2="1">
    <subfield code="a">Papirius,</subfield>
    <subfield code="b">Antonius</subfield>
    <subfield code="3">IT\ICCU\CNCA\021513</subfield>
    <subfield code="z">Papirio, Antonio</subfield>
  </datafield>
  <datafield tag="791" ind1="0" ind2="0">
    <subfield code="a">Caneto, Giovanni Antonio de</subfield>
    <subfield code="3">IT\ICCU\CNCT\002880</subfield>
    <subfield code="z">De_Caneto, Giovanni Antonio</subfield>
  </datafield>
  <datafield tag="791" ind1="0" ind2="0">
    <subfield code="a">Canneto, Giovanni Antonio da</subfield>
    <subfield code="3">IT\ICCU\CNCT\003731</subfield>
    <subfield code="z">De_Caneto, Giovanni Antonio</subfield>
  </datafield>
  <datafield tag="791" ind1="0" ind2="0">
    <subfield code="a">Canetus, Ioannes Antonius</subfield>
    <subfield code="3">IT\ICCU\CNCT\004530</subfield>
    <subfield code="z">De_Caneto, Giovanni Antonio</subfield>
  </datafield>
  <datafield tag="791" ind1="0" ind2="0">
    <subfield code="a">Pavia, Ioanne Antonio de</subfield>
    <subfield code="3">IT\ICCU\CNCT\004532</subfield>
    <subfield code="z">De_Caneto, Giovanni Antonio</subfield>
  </datafield>
  <datafield tag="791" ind1="0" ind2="0">
    <subfield code="a">Caneto, Ioannes Antonius de</subfield>
    <subfield code="3">IT\ICCU\CNCT\004533</subfield>
    <subfield code="z">De_Caneto, Giovanni Antonio</subfield>
  </datafield>
  <datafield tag="801" ind1=" " ind2="3">
    <subfield code="a">IT</subfield>
    <subfield code="b">ICCU</subfield>
    <subfield code="c">20201115</subfield>
  </datafield>
  <datafield tag="899" ind1=" " ind2=" ">
    <subfield code="a">Biblioteca nazionale centrale. Firenze</subfield>
    <subfield code="1">FI0098</subfield>
    <subfield code="2">CFI CF</subfield>
  </datafield>
  <datafield tag="899" ind1=" " ind2=" ">
    <subfield code="a">British Library. London</subfield>
    <subfield code="1">UK0001</subfield>
  </datafield>
</record>
</collection>
